@online{MusicBrainz,
  author = {MetaBrainz Foundation},
  title = {MusicBrainz},
  year = 2000,
  url = {https://musicbrainz.org/},
  urldate = {2019-02-28}
}