@online{linkedgeodata,
  title = {LinkedGeoData},
  url = {http://linkedgeodata.org/About},
  urldate = {2019-03-31}
}
